% Encoding: UTF-8

@Article{Fudenberg1986,
  author    = {Drew Fudenberg and Eric Maskin},
  title     = {The Folk Theorem in Repeated Games with Discounting or with Incomplete Information},
  journal   = {Econometrica},
  year      = {1986},
  volume    = {54},
  number    = {3},
  month     = {may},
  pages     = {533},
  doi       = {10.2307/1911307},
  file      = {:C\:/Users/sophi/Documents/final-project/tex/chapters/ch2/lit_search_papers/Fudenberg_and_Maskin_1986(FT_FOR_INCOMPLETE_INFO).pdf:PDF},
  publisher = {{JSTOR}},
}

@Article{Li2015,
  author        = {Jiawei Li and Graham Kendall},
  title         = {On Nash Equilibrium and Evolutionarily Stable States That Are Not Characterised by the Folk Theorem},
  journal       = {{PLOS} {ONE}},
  year          = {2015},
  editor        = {Pablo Bra{\~{n}}as-Garza},
  volume        = {10},
  number        = {8},
  month         = {aug},
  pages         = {e0136032},
  doi           = {10.1371/journal.pone.0136032},
  __markedentry = {[sophi:]},
  file          = {:C\:/Users/sophi/Documents/final-project/tex/chapters/ch2/lit_search_papers/Li_and_Kendall_2015(NE_NOT_CHARACTERISED_BY_FT).PDF:PDF},
  publisher     = {Public Library of Science ({PLoS})},
}

@Article{Friedman1971,
  author        = {James W. Friedman},
  title         = {A Non-cooperative Equilibrium for Supergames},
  journal       = {The Review of Economic Studies},
  year          = {1971},
  volume        = {38},
  number        = {1},
  month         = {jan},
  pages         = {1},
  doi           = {10.2307/2296617},
  __markedentry = {[sophi:]},
  file          = {:C\:/Users/sophi/Documents/final-project/tex/chapters/ch2/lit_search_papers/Friedman_1971(ORIGINAL).pdf:PDF},
  publisher     = {Oxford University Press ({OUP})},
}

@Article{Obara2009,
  author    = {Ichiro Obara},
  title     = {Folk theorem with communication},
  journal   = {Journal of Economic Theory},
  year      = {2009},
  volume    = {144},
  number    = {1},
  month     = {jan},
  pages     = {120--134},
  doi       = {10.1016/j.jet.2007.08.005},
  file      = {:C\:/Users/sophi/Documents/final-project/tex/chapters/ch2/lit_search_papers/Obara_2009(FT_WITH_COMMUNICATION).pdf:PDF},
  publisher = {Elsevier {BV}},
}

@Article{Hoerner2006,
  author  = {Johannes H\"orner and Wojciech Olszewski},
  title   = {The Folk Theorem for Games with Private Almost-Perfect Monitoring},
  journal = {Econometrica},
  year    = {2006},
  volume  = {74},
  number  = {6},
  pages   = {1499-1544},
  url     = {https://www.jstor.org/stable/4123082},
  file    = {:C\:/Users/sophi/Documents/final-project/tex/chapters/ch2/lit_search_papers/Horner_and_Olszewski_2006(FT_PRIV_ALMOST_PERF_MONITORING).pdf:PDF},
}

@Article{Abreu1994,
  author        = {Dilip Abreu and Prajit K. Dutta and Lones Smith},
  title         = {The Folk Theorem for Repeated Games: A NEU Condition},
  journal       = {Econometrica},
  year          = {1994},
  volume        = {62},
  number        = {4},
  pages         = {939-948},
  url           = {https://www.jstor.org/stable/2951739},
  __markedentry = {[sophi:]},
  file          = {:C\:/Users/sophi/Documents/final-project/tex/chapters/ch2/lit_search_papers/Abreu_et_al_1994(NEU_CONDITION).pdf:PDF},
}

@Article{Fudenberg1991,
  author  = {Drew Fudenberg and David Levine},
  title   = {An Approximate Folk Theorem with Imperfect Private Information},
  journal = {Journal of Economic Theory},
  year    = {1991},
  volume  = {54},
  pages   = {26-47},
  file    = {:C\:/Users/sophi/Documents/final-project/tex/chapters/ch2/lit_search_papers/Fudenberg_and_Levine_1991(APPROX_FOLK_THM_IMPERF_PRIV_INFO).pdf:PDF},
}

@Article{Dutta1995,
  author        = {Prajit K. Dutta},
  title         = {A Folk Theorem for Stochastic Games},
  journal       = {Journal of Economic Theory},
  year          = {1995},
  volume        = {66},
  pages         = {1-32},
  __markedentry = {[sophi:]},
  file          = {:C\:/Users/sophi/Documents/final-project/tex/chapters/ch2/lit_search_papers/Dutta_1995(FT_FOR_STOCH_GAMES).pdf:PDF},
}

@Article{Laraki2015,
  author    = {Rida Laraki and Panayotis Mertikopoulos},
  title     = {Inertial Game Dynamics and Applications to Constrained Optimization},
  journal   = {{SIAM} Journal on Control and Optimization},
  year      = {2015},
  volume    = {53},
  number    = {5},
  month     = {jan},
  pages     = {3141--3170},
  doi       = {10.1137/130920253},
  file      = {:C\:/Users/sophi/Documents/final-project/tex/chapters/ch2/lit_search_papers/Laraki_and_Mertikopoulos_2015(INERTIAL_GAMES).pdf:PDF},
  publisher = {Society for Industrial {\&} Applied Mathematics ({SIAM})},
}

@Article{Kandori2003,
  author   = {M. Kandori},
  title    = {Randomization, communication, and efficiency in repeated games with imperfect public monitoring},
  journal  = {Econometrica},
  year     = {2003},
  language = {English},
  volume   = {71},
  number   = {1},
  pages    = {345-353},
  note     = {Cited By :13},
  url      = {www.scopus.com},
  file     = {:C\:/Users/sophi/Documents/final-project/tex/chapters/ch2/lit_search_papers/Kandori_2003(RANDOMIZATION_COMMUNICATION_AND_EFFICIENCY).pdf:PDF},
}

@Article{Gossner1996,
  author    = {Olivier Gossner},
  title     = {Overlapping Generation Games with Mixed Strategies},
  journal   = {Mathematics of Operations Research},
  year      = {1996},
  volume    = {21},
  number    = {2},
  month     = {may},
  pages     = {477--486},
  doi       = {10.1287/moor.21.2.477},
  file      = {:C\:/Users/sophi/Documents/final-project/tex/chapters/ch2/lit_search_papers/Gossner_1996(OVERLAPPING_GEN_GAMES_WITH_MIXED_STRAT).pdf:PDF},
  publisher = {Institute for Operations Research and the Management Sciences ({INFORMS})},
}

@InCollection{Fudenberg2008,
  author    = {Drew Fudenberg and David K. Levine},
  title     = {The Nash-threats folk theorem with communication and approximate common knowledge in two player games},
  booktitle = {A Long-Run Collaboration on Long-Run Games},
  year      = {2008},
  volume    = {132},
  number    = {1},
  publisher = {{WORLD} {SCIENTIFIC}},
  pages     = {331--343},
  doi       = {http://dx.doi.org/10.1016/j.jet.2005.08.006},
  file      = {:C\:/Users/sophi/Documents/final-project/tex/chapters/ch2/lit_search_papers/Fudenberg_and_Levine_2008(NASH_THREATS_FT_WITH_COMMS).pdf:PDF},
  journal   = {Journal of Economic Theory},
  month     = {dec},
}

@Article{Parras2020,
  author        = {Juan Parras and Santiago Zazo},
  title         = {A distributed algorithm to obtain repeated games equilibria with discounting},
  journal       = {Applied Mathematics and Computation},
  year          = {2020},
  volume        = {367},
  month         = {feb},
  pages         = {124785},
  doi           = {10.1016/j.amc.2019.124785},
  __markedentry = {[sophi:]},
  file          = {:C\:/Users/sophi/Documents/final-project/tex/chapters/ch2/lit_search_papers/Parras_and_Zazo_2020(ALGORITHM_FOR_DISCOUNTED_GAMES).pdf:PDF},
  publisher     = {Elsevier {BV}},
}

@Article{Bernergard2019,
  author        = {Axel Bernerg{\aa}rd},
  title         = {Self-control problems and the folk theorem},
  journal       = {Journal of Economic Behavior {\&} Organization},
  year          = {2019},
  volume        = {163},
  month         = {jul},
  pages         = {332--347},
  doi           = {10.1016/j.jebo.2019.05.004},
  __markedentry = {[sophi:]},
  file          = {:C\:/Users/sophi/Documents/final-project/tex/chapters/ch2/lit_search_papers/Bernergard_2019(SELF_CONTROL_PROBS).pdf:PDF},
  publisher     = {Elsevier {BV}},
}

@Article{Wang2020,
  author    = {Jin Wang and Jiahao Yang and Yingfeng Zhang and Shan Ren and Yang Liu},
  title     = {Infinitely repeated game based real-time scheduling for low-carbon flexible job shop considering multi-time periods},
  journal   = {Journal of Cleaner Production},
  year      = {2020},
  volume    = {247},
  month     = {feb},
  pages     = {119093},
  doi       = {10.1016/j.jclepro.2019.119093},
  file      = {:C\:/Users/sophi/Documents/final-project/tex/chapters/ch2/lit_search_papers/Wang_et_al_2020(GAME_BASED_REAL_TIME_SCHEDULING).pdf:PDF},
  publisher = {Elsevier {BV}},
}

@Article{Herings2017,
  author        = {P. Jean-Jacques Herings and Andrey Meshalkin and Arkadi Predtetchinski},
  title         = {A one-period memory folk theorem for multilateral bargaining games},
  journal       = {Games and Economic Behavior},
  year          = {2017},
  volume        = {103},
  month         = {may},
  pages         = {185--198},
  doi           = {10.1016/j.geb.2015.11.006},
  __markedentry = {[sophi:]},
  file          = {:C\:/Users/sophi/Documents/final-project/tex/chapters/ch2/lit_search_papers/Herings_et_al_2017(BARGAINING_GAMES).pdf:PDF},
  publisher     = {Elsevier {BV}},
}

@Article{Block2016,
  author        = {Juan I. Block and David K. Levine},
  title         = {A folk theorem with codes of conduct and communication},
  journal       = {Economic Theory Bulletin},
  year          = {2016},
  volume        = {5},
  number        = {1},
  month         = {sep},
  pages         = {9--19},
  doi           = {10.1007/s40505-016-0107-y},
  __markedentry = {[sophi:]},
  file          = {:C\:/Users/sophi/Documents/final-project/tex/chapters/ch2/lit_search_papers/Block_and_Levine_2016(CODES_OF_CONDUCT).pdf:PDF},
  publisher     = {Springer Science and Business Media {LLC}},
}

@Article{Li2010,
  author    = {Rui Li},
  title     = {Sufficient communication in repeated games with imperfect private monitoring},
  journal   = {Economics Letters},
  year      = {2010},
  volume    = {108},
  number    = {3},
  month     = {sep},
  pages     = {322--326},
  doi       = {10.1016/j.econlet.2010.06.005},
  file      = {:C\:/Users/sophi/Documents/final-project/tex/chapters/ch2/lit_search_papers/Li_2010(SUFFICIENT_COMM_WITH_IMPERF_PRIV_MONITORING).pdf:PDF},
  publisher = {Elsevier {BV}},
}

@Article{Li2019,
  author        = {Xiaoxi Li},
  title         = {The Folk Theorem for Repeated Games With Time-Dependent Discounting},
  journal       = {{SSRN} Electronic Journal},
  year          = {2019},
  doi           = {10.2139/ssrn.3407197},
  __markedentry = {[sophi:]},
  file          = {:C\:/Users/sophi/Documents/final-project/tex/chapters/ch2/lit_search_papers/Li_2019(TIME_DEPT_DISCOUNTING).pdf:PDF},
  publisher     = {Elsevier {BV}},
}

@Article{Fujiwara-Greve2018,
  author        = {Takako Fujiwara-Greve and Yosuke Yasuda},
  title         = {The Folk Theorem in Repeated Games with Endogenous Termination},
  journal       = {{SSRN} Electronic Journal},
  year          = {2018},
  doi           = {10.2139/ssrn.3267427},
  __markedentry = {[sophi:]},
  file          = {:C\:/Users/sophi/Documents/final-project/tex/chapters/ch2/lit_search_papers/Fujiwara-Greve_and_Yasuda(ENDOGENOUS_TERMINATION).pdf:PDF},
  publisher     = {Elsevier {BV}},
}

@InProceedings{Chowdhary2017,
  author        = {Ankur Chowdhary and Sandeep Pisharody and Adel Alshamrani and Dijiang Huang},
  title         = {Dynamic Game based Security framework in {SDN}-enabled Cloud Networking Environments},
  booktitle     = {Proceedings of the {ACM} International Workshop on Security in Software Defined Networks {\&} Network Function Virtualization - {SDN}-{NFVSec} {\textquotesingle}17},
  year          = {2017},
  publisher     = {{ACM} Press},
  doi           = {10.1145/3040992.3040998},
  __markedentry = {[sophi:]},
  file          = {:C\:/Users/sophi/Documents/final-project/tex/chapters/ch2/lit_search_papers/Chowdhary_et_al_2017(SDN_AND_DDoS).pdf:PDF},
}

@Article{Ely2002,
  author        = {Jeffrey C. Ely and Juuso Välimäki},
  title         = {A Robust Folk Theorem for the Prisoner{\textquotesingle}s Dilemma},
  journal       = {Journal of Economic Theory},
  year          = {2002},
  volume        = {102},
  number        = {1},
  month         = {jan},
  pages         = {84--105},
  note          = {cited By 95},
  doi           = {10.1006/jeth.2000.2774},
  url           = {https://www.scopus.com/inward/record.uri?eid=2-s2.0-0036167111&doi=10.1006%2fjeth.2000.2774&partnerID=40&md5=b8cc560b170e8796d5239cbd7ef72ef9},
  __markedentry = {[sophi:]},
  document_type = {Article},
  file          = {:C\:/Users/sophi/Documents/final-project/tex/chapters/ch2/lit_search_papers/Ely_and_Valimaki_2002(ROBUST_FT_FOR_PD).pdf:PDF},
  publisher     = {Elsevier {BV}},
  source        = {Scopus},
}

@Article{Ikeda2020,
  author        = {K. Ikeda},
  title         = {Foundation of quantum optimal transport and applications},
  journal       = {Quantum Information Processing},
  year          = {2020},
  volume        = {19},
  number        = {1},
  note          = {cited By 0},
  doi           = {10.1007/s11128-019-2519-8},
  url           = {https://www.scopus.com},
  __markedentry = {[sophi:]},
  art_number    = {25},
  document_type = {Article},
  file          = {:C\:/Users/sophi/Documents/final-project/tex/chapters/ch2/lit_search_papers/Ikeda_2020(QUANTUM_GAMES).pdf:PDF},
  source        = {Scopus},
}

@Article{Matsushima2004,
  author        = {Hitoshi Matsushima},
  title         = {Repeated Games with Private Monitoring: Two Players},
  journal       = {Econometrica},
  year          = {2004},
  volume        = {72},
  number        = {3},
  month         = {may},
  pages         = {823--852},
  note          = {cited By 40},
  doi           = {10.1111/j.1468-0262.2004.00513.x},
  url           = {https://www.scopus.com/inward/record.uri?eid=2-s2.0-2642524464&doi=10.1111%2fj.1468-0262.2004.00513.x&partnerID=40&md5=a972047919e3b64a6e8a254e603c11e7},
  document_type = {Article},
  file          = {:C\:/Users/sophi/Documents/final-project/tex/chapters/ch2/lit_search_papers/Matsushima_2004(PRIV_MONITORING_TWO_PLAYERS).pdf:PDF},
  publisher     = {The Econometric Society},
  source        = {Scopus},
}

@Article{Heller2017,
  author        = {Yuval Heller},
  title         = {Instability of belief-free equilibria},
  journal       = {Journal of Economic Theory},
  year          = {2017},
  volume        = {168},
  month         = {mar},
  pages         = {261--286},
  note          = {cited By 1},
  doi           = {10.1016/j.jet.2017.01.001},
  url           = {https://www.scopus.com/inward/record.uri?eid=2-s2.0-85008894373&doi=10.1016%2fj.jet.2017.01.001&partnerID=40&md5=e6021d15598968bf7d198f9c0619e9b7},
  __markedentry = {[sophi:]},
  document_type = {Article},
  file          = {:C\:/Users/sophi/Documents/final-project/tex/chapters/ch2/lit_search_papers/Heller_2017(INSTABILITY_OF_BELIEF).pdf:PDF},
  publisher     = {Elsevier {BV}},
  source        = {Scopus},
}

@Article{ANGELOVA2011,
  author        = {VERA ANGELOVA and LISA V. BRUTTEL and WERNER GÜTH and ULRICH KAMECKE},
  title         = {{CAN} {SUBGAME} {PERFECT} {EQUILIBRIUM} {THREATS} {FOSTER} {COOPERATION}? {AN} {EXPERIMENTAL} {TEST} {OF} {FINITE}-{HORIZON} {FOLK} {THEOREMS}},
  journal       = {Economic Inquiry},
  year          = {2011},
  volume        = {51},
  number        = {2},
  month         = {sep},
  pages         = {1345--1356},
  note          = {cited By 2},
  doi           = {10.1111/j.1465-7295.2011.00421.x},
  url           = {https://www.scopus.com/inward/record.uri?eid=2-s2.0-84874353398&doi=10.1111%2fj.1465-7295.2011.00421.x&partnerID=40&md5=83e392d6d27e1febb1639f619a306357},
  __markedentry = {[sophi:]},
  document_type = {Article},
  file          = {:C\:/Users/sophi/Documents/final-project/tex/chapters/ch2/lit_search_papers/Angelova_et_al_2011(FINITE_HORIZON).pdf:PDF},
  publisher     = {Wiley},
  source        = {Scopus},
}

@Article{Yamamoto2012,
  author        = {Yuichi Yamamoto},
  title         = {Characterizing belief-free review-strategy equilibrium payoffs under conditional independence},
  journal       = {Journal of Economic Theory},
  year          = {2012},
  volume        = {147},
  number        = {5},
  month         = {sep},
  pages         = {1998--2027},
  note          = {cited By 3},
  doi           = {10.1016/j.jet.2012.05.016},
  url           = {https://www.scopus.com/inward/record.uri?eid=2-s2.0-84864804226&doi=10.1016%2fj.jet.2012.05.016&partnerID=40&md5=51959f6f0a44c992e657870ad82e701b},
  document_type = {Article},
  file          = {:C\:/Users/sophi/Documents/final-project/tex/chapters/ch2/lit_search_papers/Yamamoto_2012(BELIEF_FREE_REVIEW_STRAT_EQ_COND_INDEPT).pdf:PDF},
  publisher     = {Elsevier {BV}},
  source        = {Scopus},
}

@Article{Chassang2011,
  author        = {Sylvain Chassang and Satoru Takahashi},
  title         = {Robustness to incomplete information in repeated games},
  journal       = {Theoretical Economics},
  year          = {2011},
  volume        = {6},
  number        = {1},
  month         = {jan},
  pages         = {49--93},
  note          = {cited By 12},
  doi           = {10.3982/te795},
  url           = {https://www.scopus.com/inward/record.uri?eid=2-s2.0-78651454708&doi=10.3982%2fTE795&partnerID=40&md5=53dbe8255f303468a1e5d95095c08326},
  document_type = {Article},
  file          = {:C\:/Users/sophi/Documents/final-project/tex/chapters/ch2/lit_search_papers/Chassang_and_Takahashi_2011(ROBUSTNESS TO INCOMPLETE_INFO).pdf:PDF},
  publisher     = {The Econometric Society},
  source        = {Scopus},
}

@Article{Yamamoto2009,
  author        = {Yuichi Yamamoto},
  title         = {A limit characterization of belief-free equilibrium payoffs in repeated games},
  journal       = {Journal of Economic Theory},
  year          = {2009},
  volume        = {144},
  number        = {2},
  month         = {mar},
  pages         = {802--824},
  note          = {cited By 15},
  doi           = {10.1016/j.jet.2008.07.005},
  url           = {https://www.scopus.com/inward/record.uri?eid=2-s2.0-59749087963&doi=10.1016%2fj.jet.2008.07.005&partnerID=40&md5=7d88a156fde28ffdf65ea6b559c14205},
  __markedentry = {[sophi:]},
  document_type = {Article},
  file          = {:C\:/Users/sophi/Documents/final-project/tex/chapters/ch2/lit_search_papers/Yamamoto_2009(LIMIT_CHAR_OF_BELIEF_FREE_EQ).pdf:PDF},
  publisher     = {Elsevier {BV}},
  source        = {Scopus},
}

@Article{Ely2005,
  author        = {Jeffrey C. Ely and Johannes Horner and Wojciech Olszewski},
  title         = {Belief-Free Equilibria in Repeated Games},
  journal       = {Econometrica},
  year          = {2005},
  volume        = {73},
  number        = {2},
  month         = {mar},
  pages         = {377--415},
  note          = {cited By 70},
  doi           = {10.1111/j.1468-0262.2005.00583.x},
  url           = {https://www.scopus.com/inward/record.uri?eid=2-s2.0-27744460948&doi=10.1111%2fj.1468-0262.2005.00583.x&partnerID=40&md5=7db49053936b7d19cd405059a246462e},
  document_type = {Review},
  file          = {:C\:/Users/sophi/Documents/final-project/tex/chapters/ch2/lit_search_papers/Ely_et_al_2005(BELIEF_FREE_EQ).pdf:PDF},
  publisher     = {The Econometric Society},
  source        = {Scopus},
}

@Article{Piccione2002,
  author        = {Michele Piccione},
  title         = {The Repeated Prisoner{\textquotesingle}s Dilemma with Imperfect Private Monitoring},
  journal       = {Journal of Economic Theory},
  year          = {2002},
  volume        = {102},
  number        = {1},
  month         = {jan},
  pages         = {70--83},
  note          = {cited By 78},
  doi           = {10.1006/jeth.2001.2819},
  url           = {https://www.scopus.com/inward/record.uri?eid=2-s2.0-0036167003&doi=10.1006%2fjeth.2001.2819&partnerID=40&md5=e774c893fb7662d7f8776f4b335383d5},
  document_type = {Article},
  file          = {:C\:/Users/sophi/Documents/final-project/tex/chapters/ch2/lit_search_papers/Piccione_2002(PD_WITH_IMPERF_PRIV_MONITORING).pdf:PDF},
  publisher     = {Elsevier {BV}},
  source        = {Scopus},
}

@Article{Kandori2006,
  author        = {Michihiro Kandori and Ichiro Obara},
  title         = {Less is more: an observability paradox in repeated games},
  journal       = {International Journal of Game Theory},
  year          = {2006},
  volume        = {34},
  number        = {4},
  month         = {sep},
  pages         = {475--493},
  note          = {cited By 5},
  doi           = {10.1007/s00182-006-0032-7},
  url           = {https://www.scopus.com/inward/record.uri?eid=2-s2.0-33750923312&doi=10.1007%2fs00182-006-0032-7&partnerID=40&md5=d8b2b09a452a7522691b58f57a8abf89},
  document_type = {Article},
  file          = {:C\:/Users/sophi/Documents/final-project/tex/chapters/ch2/lit_search_papers/Kandori_and_Obara_2006(LESS_IS_MORE).pdf:PDF},
  publisher     = {Springer Science and Business Media {LLC}},
  source        = {Scopus},
}

@InCollection{Wang2018,
  author        = {Shuyin Wang and Limei Jiang},
  title         = {Study of Agent Cooperation Incentive Strategy Based on Game Theory in Multi-Agent System},
  booktitle     = {Lecture Notes in Electrical Engineering},
  year          = {2018},
  volume        = {463},
  note          = {cited By 0},
  publisher     = {Springer Singapore},
  pages         = {1871--1878},
  doi           = {10.1007/978-981-10-6571-2_227},
  url           = {https://www.scopus.com/inward/record.uri?eid=2-s2.0-85048687335&doi=10.1007%2f978-981-10-6571-2_227&partnerID=40&md5=6988d25bb46e794e764ed6761aa9a99e},
  __markedentry = {[sophi:]},
  document_type = {Conference Paper},
  file          = {:C\:/Users/sophi/Documents/final-project/tex/chapters/ch2/lit_search_papers/Wang_and_Jiang_2018(COOP_IN_MULTI_AGENT_SYSTEM).pdf:PDF},
  journal       = {Lecture Notes in Electrical Engineering},
  month         = {jun},
  source        = {Scopus},
}

@Article{Bhattacharya2018,
  author  = {Bhattacharya,V. and Manuelli,L. and Straub,L.},
  title   = {Imperfect public monitoring with a fear of signal distortion},
  journal = {Journal of Economic Theory},
  year    = {2018},
  volume  = {175},
  pages   = {1-37},
  url     = {www.scopus.com},
  file    = {:C\:/Users/sophi/Documents/final-project/tex/chapters/ch2/lit_search_papers/Bhattacharya_et_al_2018(IMPERF_PUBLIC_MONITORING_SIGNAL_DISTORTION).pdf:PDF},
}

@Article{Wen2002,
  author        = {Q. Wen},
  title         = {A folk theorem for repeated sequential games},
  journal       = {Review of Economic Studies},
  year          = {2002},
  volume        = {69},
  number        = {2},
  pages         = {493-512},
  note          = {Cited By :29},
  url           = {www.scopus.com},
  __markedentry = {[sophi:]},
  file          = {:C\:/Users/sophi/Documents/final-project/tex/chapters/ch2/lit_search_papers/Wen_2002(FT_FOR_REP_SEQ_GAMES).pdf:PDF},
}

@Article{Yoon2001,
  author    = {Kiho Yoon},
  title     = {An Anti-folk Theorem in Overlapping Generations Games with Limited Observability},
  journal   = {Review of Economic Dynamics},
  year      = {2001},
  volume    = {4},
  number    = {3},
  month     = {jul},
  pages     = {736-745},
  doi       = {10.1006/redy.2000.0127},
  url       = {www.scopus.com},
  file      = {:C\:/Users/sophi/Documents/final-project/tex/chapters/ch2/lit_search_papers/Yoon_2001(ANTI_FT_OVERLAP_GEN_GAMES_LIMITED_OBS).pdf:PDF},
  publisher = {Elsevier {BV}},
}

@Article{Bhaskar1998,
  author  = {Bhaskar,V.},
  title   = {Informational Constraints and the Overlapping Generations Model: Folk and Anti-Folk Theorems},
  journal = {Review of Economic Studies},
  year    = {1998},
  volume  = {65},
  number  = {1},
  pages   = {135-149},
  note    = {Cited By :42},
  url     = {www.scopus.com},
  file    = {:C\:/Users/sophi/Documents/final-project/tex/chapters/ch2/lit_search_papers/Bhaskar_1998(OVERLAPPING_GEN_MODEL_FT_AND_ANTI_FT).pdf:PDF},
}

@Article{Masso1989,
  author  = {Masso,J. and Rosenthal,R. W.},
  title   = {More on the "anti-folk theorem"},
  journal = {Journal of Mathematical Economics},
  year    = {1989},
  volume  = {18},
  number  = {3},
  pages   = {281-290},
  note    = {Cited By :7},
  url     = {www.scopus.com},
  file    = {:C\:/Users/sophi/Documents/final-project/tex/chapters/ch2/lit_search_papers/Masso_and_Rosenthal_1989(MORE_ON_ANTI_FT).pdf:PDF},
}

@Article{aumann1976long,
  author        = {Aumann, RJ and Shapley, L},
  title         = {Long term competition},
  journal       = {A Game Theoretic Analysis},
  year          = {1976},
  __markedentry = {[sophi:]},
  file          = {:C\:/Users/sophi/Documents/final-project/tex/chapters/ch2/lit_search_papers/Aumann_and_Shapley_1974(LONG_TERM_COMP_ORIGINAL).pdf:PDF},
}

@Article{Rubinstein1979,
  author    = {Ariel Rubinstein},
  title     = {Equilibrium in supergames with the overtaking criterion},
  journal   = {Journal of Economic Theory},
  year      = {1979},
  volume    = {21},
  number    = {1},
  month     = {aug},
  pages     = {1--9},
  doi       = {10.1016/0022-0531(79)90002-4},
  file      = {:C\:/Users/sophi/Documents/final-project/tex/chapters/ch2/lit_search_papers/Rubinstein_1979(EQ_WITH_OVERTAKING_CRITERION).pdf:PDF},
  publisher = {Elsevier {BV}},
}

@Article{Benoit_1985,
  author        = {Jean-Pierre Benoit and Vijay Krishna},
  title         = {Finitely Repeated Games},
  journal       = {Econometrica},
  year          = {1985},
  volume        = {53},
  number        = {4},
  month         = {jul},
  pages         = {905},
  doi           = {10.2307/1912660},
  __markedentry = {[sophi:]},
  file          = {:C\:/Users/sophi/Documents/final-project/tex/chapters/ch2/lit_search_papers/Benoit_and_Krishna_1985(FINITELY_REP_GAMES).pdf:PDF},
  publisher     = {{JSTOR}},
}

@Article{Wiseman2012,
  author        = {Wiseman,T.},
  title         = {A partial folk theorem for games with private learning},
  journal       = {Theoretical Economics},
  year          = {2012},
  volume        = {7},
  number        = {2},
  pages         = {217-239},
  note          = {Cited By :4},
  url           = {www.scopus.com},
  __markedentry = {[sophi:]},
  file          = {:C\:/Users/sophi/Documents/final-project/tex/chapters/ch2/lit_search_papers/Wiseman_2012(PARTIAL_FT_PRIVATE_LEARNING).pdf:PDF},
}

@Article{Anderlini2008,
  author  = {Anderlini,L. and Gerardi,D. and Lagunoff,R.},
  title   = {A "super" folk theorem for dynastic repeated games},
  journal = {Economic Theory},
  year    = {2008},
  volume  = {37},
  number  = {3},
  pages   = {357-394},
  note    = {Cited By :6},
  url     = {www.scopus.com},
  file    = {:C\:/Users/sophi/Documents/final-project/tex/chapters/ch2/lit_search_papers/Anderlini_et_al_2008(SUPER_FT_FOR_DYNASTIES).pdf:PDF},
}

@Article{Peski2012,
  author    = {Marcin P{\k{e}}ski},
  title     = {An anti-folk theorem for finite past equilibria in repeated games with private monitoring},
  journal   = {Theoretical Economics},
  year      = {2012},
  volume    = {7},
  number    = {1},
  month     = {jan},
  pages     = {25--55},
  doi       = {10.3982/te760},
  file      = {:C\:/Users/sophi/Documents/final-project/tex/chapters/ch2/lit_search_papers/Peski_2012(ANTI_FT_FOR_PRIVATE_MONITORING).pdf:PDF},
  publisher = {The Econometric Society},
}

@Comment{jabref-meta: databaseType:biblatex;}
