Scopus
EXPORT DATE: 19 January 2020

@ARTICLE{Ikeda2020,
author={Ikeda, K.},
title={Foundation of quantum optimal transport and applications},
journal={Quantum Information Processing},
year={2020},
volume={19},
number={1},
doi={10.1007/s11128-019-2519-8},
art_number={25},
note={cited By 0},
url={https://www.scopus.com/inward/record.uri?eid=2-s2.0-85075718735&doi=10.1007%2fs11128-019-2519-8&partnerID=40&md5=1924208a1d2c72e66fe9b2b61f2b4819},
document_type={Article},
source={Scopus},
}

@ARTICLE{Vuorensyrjä2019235,
author={Vuorensyrjä, M.},
title={A decentralized cooperative solution to the iterated pacifist’s dilemma game: notes in the margin of Pinker’s theory of Leviathan},
journal={Constitutional Political Economy},
year={2019},
volume={30},
number={2},
pages={235-260},
doi={10.1007/s10602-019-09277-3},
note={cited By 0},
url={https://www.scopus.com/inward/record.uri?eid=2-s2.0-85062638100&doi=10.1007%2fs10602-019-09277-3&partnerID=40&md5=b4bfd09ae6ba4f4395bf03f967dc2dcd},
document_type={Article},
source={Scopus},
}

@ARTICLE{Wang20191871,
author={Wang, S. and Jiang, L.},
title={Study of agent cooperation incentive strategy based on game theory in multi-agent system},
journal={Lecture Notes in Electrical Engineering},
year={2019},
volume={463},
pages={1871-1878},
doi={10.1007/978-981-10-6571-2_227},
note={cited By 0},
url={https://www.scopus.com/inward/record.uri?eid=2-s2.0-85048687335&doi=10.1007%2f978-981-10-6571-2_227&partnerID=40&md5=6988d25bb46e794e764ed6761aa9a99e},
document_type={Conference Paper},
source={Scopus},
}

@ARTICLE{Heller2017261,
author={Heller, Y.},
title={Instability of belief-free equilibria},
journal={Journal of Economic Theory},
year={2017},
volume={168},
pages={261-286},
doi={10.1016/j.jet.2017.01.001},
note={cited By 1},
url={https://www.scopus.com/inward/record.uri?eid=2-s2.0-85008894373&doi=10.1016%2fj.jet.2017.01.001&partnerID=40&md5=e6021d15598968bf7d198f9c0619e9b7},
document_type={Article},
source={Scopus},
}

@ARTICLE{Akin2017217,
author={Akin, E.},
title={Good strategies for the iterated prisoner's Dilemma: Smale vs. Markov},
journal={Journal of Dynamics and Games},
year={2017},
volume={4},
number={3},
pages={217-253},
doi={10.3934/jdg.2017014},
note={cited By 3},
url={https://www.scopus.com/inward/record.uri?eid=2-s2.0-85044271602&doi=10.3934%2fjdg.2017014&partnerID=40&md5=f71e2cb740e7a24f1c3d34d263699ca3},
document_type={Article},
source={Scopus},
}

@ARTICLE{Li2016460,
author={Li, J. and Kendall, G. and John, R.},
title={Computing Nash Equilibria and Evolutionarily Stable States of Evolutionary Games},
journal={IEEE Transactions on Evolutionary Computation},
year={2016},
volume={20},
number={3},
pages={460-469},
doi={10.1109/TEVC.2015.2490076},
art_number={7296643},
note={cited By 14},
url={https://www.scopus.com/inward/record.uri?eid=2-s2.0-84973389947&doi=10.1109%2fTEVC.2015.2490076&partnerID=40&md5=1e5361111d680c0d92bdac3452f4ef18},
document_type={Article},
source={Scopus},
}

@ARTICLE{Bigoni2015587,
author={Bigoni, M. and Casari, M. and Skrzypacz, A. and Spagnolo, G.},
title={Time horizon and cooperation in continuous time},
journal={Econometrica},
year={2015},
volume={83},
number={2},
pages={587-616},
doi={10.3982/ECTA11380},
note={cited By 22},
url={https://www.scopus.com/inward/record.uri?eid=2-s2.0-84961354374&doi=10.3982%2fECTA11380&partnerID=40&md5=c4aad4dee92d6cec4eb9e01dec1251d7},
document_type={Article},
source={Scopus},
}

@ARTICLE{Angelova20131345,
author={Angelova, V. and Bruttel, L.V. and Güth, W. and Kamecke, U.},
title={Can subgame perfect equilibrium threats foster cooperation? An experimental test of finite-horizon folk theorems},
journal={Economic Inquiry},
year={2013},
volume={51},
number={2},
pages={1345-1356},
doi={10.1111/j.1465-7295.2011.00421.x},
note={cited By 2},
url={https://www.scopus.com/inward/record.uri?eid=2-s2.0-84874353398&doi=10.1111%2fj.1465-7295.2011.00421.x&partnerID=40&md5=83e392d6d27e1febb1639f619a306357},
document_type={Article},
source={Scopus},
}

@ARTICLE{Yamamoto20121998,
author={Yamamoto, Y.},
title={Characterizing belief-free review-strategy equilibrium payoffs under conditional independence},
journal={Journal of Economic Theory},
year={2012},
volume={147},
number={5},
pages={1998-2027},
doi={10.1016/j.jet.2012.05.016},
note={cited By 3},
url={https://www.scopus.com/inward/record.uri?eid=2-s2.0-84864804226&doi=10.1016%2fj.jet.2012.05.016&partnerID=40&md5=51959f6f0a44c992e657870ad82e701b},
document_type={Article},
source={Scopus},
}

@ARTICLE{Camera2012570,
author={Camera, G. and Casari, M. and Bigoni, M.},
title={Cooperative strategies in anonymous economies: An experiment},
journal={Games and Economic Behavior},
year={2012},
volume={75},
number={2},
pages={570-586},
doi={10.1016/j.geb.2012.02.009},
note={cited By 19},
url={https://www.scopus.com/inward/record.uri?eid=2-s2.0-84860630506&doi=10.1016%2fj.geb.2012.02.009&partnerID=40&md5=a326ee95e2530c3890bdea8916c51305},
document_type={Article},
source={Scopus},
}

@ARTICLE{Chassang201149,
author={Chassang, S. and Takahashi, S.},
title={Robustness to incomplete information in repeated games},
journal={Theoretical Economics},
year={2011},
volume={6},
number={1},
pages={49-93},
doi={10.3982/TE795},
note={cited By 12},
url={https://www.scopus.com/inward/record.uri?eid=2-s2.0-78651454708&doi=10.3982%2fTE795&partnerID=40&md5=53dbe8255f303468a1e5d95095c08326},
document_type={Article},
source={Scopus},
}
