Scopus
EXPORT DATE: 19 January 2020

@ARTICLE{Duffy2009785,
author={Duffy, J. and Ochs, J.},
title={Cooperative behavior and the frequency of social interaction},
journal={Games and Economic Behavior},
year={2009},
volume={66},
number={2},
pages={785-812},
doi={10.1016/j.geb.2008.07.003},
note={cited By 97},
url={https://www.scopus.com/inward/record.uri?eid=2-s2.0-67349154477&doi=10.1016%2fj.geb.2008.07.003&partnerID=40&md5=84a9c0fecacf4a94a14e943de32d2dfd},
document_type={Article},
source={Scopus},
}

@ARTICLE{Yamamoto2009802,
author={Yamamoto, Y.},
title={A limit characterization of belief-free equilibrium payoffs in repeated games},
journal={Journal of Economic Theory},
year={2009},
volume={144},
number={2},
pages={802-824},
doi={10.1016/j.jet.2008.07.005},
note={cited By 15},
url={https://www.scopus.com/inward/record.uri?eid=2-s2.0-59749087963&doi=10.1016%2fj.jet.2008.07.005&partnerID=40&md5=7d88a156fde28ffdf65ea6b559c14205},
document_type={Article},
source={Scopus},
}

@ARTICLE{Bhaskar2008515,
author={Bhaskar, V. and Mailath, G.J. and Morris, S.},
title={Purification in the infinitely-repeated prisoners' dilemma},
journal={Review of Economic Dynamics},
year={2008},
volume={11},
number={3},
pages={515-528},
doi={10.1016/j.red.2007.10.004},
note={cited By 20},
url={https://www.scopus.com/inward/record.uri?eid=2-s2.0-44649138878&doi=10.1016%2fj.red.2007.10.004&partnerID=40&md5=6238417899582dbcbf477cfd342b00d6},
document_type={Article},
source={Scopus},
}

@ARTICLE{Kandori2006475,
author={Kandori, M. and Obara, I.},
title={Less is more: An observability paradox in repeated games},
journal={International Journal of Game Theory},
year={2006},
volume={34},
number={4},
pages={475-493},
doi={10.1007/s00182-006-0032-7},
note={cited By 5},
url={https://www.scopus.com/inward/record.uri?eid=2-s2.0-33750923312&doi=10.1007%2fs00182-006-0032-7&partnerID=40&md5=d8b2b09a452a7522691b58f57a8abf89},
document_type={Article},
source={Scopus},
}

@ARTICLE{Ely2005377,
author={Ely, J.C. and Hörner, J. and Olszewski, W.},
title={Belief-free equilibria in repeated games},
journal={Econometrica},
year={2005},
volume={73},
number={2},
pages={377-415},
doi={10.1111/j.1468-0262.2005.00583.x},
note={cited By 70},
url={https://www.scopus.com/inward/record.uri?eid=2-s2.0-27744460948&doi=10.1111%2fj.1468-0262.2005.00583.x&partnerID=40&md5=7db49053936b7d19cd405059a246462e},
document_type={Review},
source={Scopus},
}

@ARTICLE{Matsushima2004823,
author={Matsushima, H.},
title={Repeated games with private monitoring: Two players},
journal={Econometrica},
year={2004},
volume={72},
number={3},
pages={823-852},
doi={10.1111/j.1468-0262.2004.00513.x},
note={cited By 40},
url={https://www.scopus.com/inward/record.uri?eid=2-s2.0-2642524464&doi=10.1111%2fj.1468-0262.2004.00513.x&partnerID=40&md5=a972047919e3b64a6e8a254e603c11e7},
document_type={Article},
source={Scopus},
}

@ARTICLE{Piccione200270,
author={Piccione, M.},
title={The repeated prisoner's dilemma with imperfect private monitoring},
journal={Journal of Economic Theory},
year={2002},
volume={102},
number={1},
pages={70-83},
doi={10.1006/jeth.2001.2819},
note={cited By 78},
url={https://www.scopus.com/inward/record.uri?eid=2-s2.0-0036167003&doi=10.1006%2fjeth.2001.2819&partnerID=40&md5=e774c893fb7662d7f8776f4b335383d5},
document_type={Article},
source={Scopus},
}

@ARTICLE{Ely200284,
author={Ely, J.C. and Välimäki, J.},
title={A robust folk theorem for the prisoner's dilemma},
journal={Journal of Economic Theory},
year={2002},
volume={102},
number={1},
pages={84-105},
doi={10.1006/jeth.2000.2774},
note={cited By 95},
url={https://www.scopus.com/inward/record.uri?eid=2-s2.0-0036167111&doi=10.1006%2fjeth.2000.2774&partnerID=40&md5=b8cc560b170e8796d5239cbd7ef72ef9},
document_type={Article},
source={Scopus},
}

@ARTICLE{Cho1995266,
author={Cho, I.-K.},
title={Perceptrons play the repeated prisoner’s dilemma},
journal={Journal of Economic Theory},
year={1995},
volume={67},
number={1},
pages={266-284},
doi={10.1006/jeth.1995.1074},
note={cited By 10},
url={https://www.scopus.com/inward/record.uri?eid=2-s2.0-58149365303&doi=10.1006%2fjeth.1995.1074&partnerID=40&md5=2fbe98fa75d1745b5aff6026305d7858},
document_type={Article},
source={Scopus},
}

@ARTICLE{Folmer199497,
author={Folmer, H. and v. Mouche, P.},
title={Interconnected games and international environmental problems, II},
journal={Annals of Operations Research},
year={1994},
volume={54},
number={1},
pages={97-117},
doi={10.1007/BF02031729},
note={cited By 13},
url={https://www.scopus.com/inward/record.uri?eid=2-s2.0-21844483287&doi=10.1007%2fBF02031729&partnerID=40&md5=d5b9f2d50fc08cdf52a159b9f35ed1e2},
document_type={Article},
source={Scopus},
}
