Scopus
EXPORT DATE: 19 January 2020

@ARTICLE{Matsushina1990245,
author={Matsushina, H.},
title={Long-term partnership in a repeated prisoner's dilemma with random matching},
journal={Economics Letters},
year={1990},
volume={34},
number={3},
pages={245-248},
doi={10.1016/0165-1765(90)90125-K},
note={cited By 6},
url={https://www.scopus.com/inward/record.uri?eid=2-s2.0-38249017101&doi=10.1016%2f0165-1765%2890%2990125-K&partnerID=40&md5=a914c2c4d54ee80f678307dd82e14431},
document_type={Article},
source={Scopus},
}

@ARTICLE{Jankowski1990449,
author={Jankowski, R.},
title={Punishment in Iterated Chicken and Prisoner's Dilemma Games},
journal={Rationality and Society},
year={1990},
volume={2},
number={4},
pages={449-470},
doi={10.1177/1043463190002004004},
note={cited By 10},
url={https://www.scopus.com/inward/record.uri?eid=2-s2.0-84970127507&doi=10.1177%2f1043463190002004004&partnerID=40&md5=10fd9d1a8ff42b47fd2450386d02e957},
document_type={Article},
source={Scopus},
}
